@misc{retrofitting,
    title={Retrofitting Linear Types},
    author={Bernardy, Jean-Philippe and Boespflug, Mathieu and Newton, Ryan R
            and Jones, Simon Peyton and Spiwack, Arnaud},
    year={2017}
}

@misc{owl,
    title={Owl - An OCaml Numerical Library},
    author={Liang Wang},
    howpublished={\url{https://github.com/ryanrhymes/owl}},
    note={Accessed: 20/11/2017}
}

@misc{ublas,
    title={Boost uBLAS},
    howpublished={\url{http://www.boost.org/doc/libs/1_65_1/libs/numeric/ublas/doc/operations_overview.html}},
    note={Accessed: 20/11/2017}
}

@misc{blas,
    title={BLAS (Basic Linear Algebra Subprograms)},
    howpublished={\url{http://www.netlib.org/blas/}},
    note={Accessed: 20/11/2017}
}
