@phdthesis{rocklin_thesis,
  title={Mathematically informed linear algebra codes through term rewriting},
  author={Rocklin, Matthew},
  year={2013}
}

@inproceedings{morrisett,
  title={L 3: a linear language with locations},
  author={Morrisett, Greg and Ahmed, Amal and Fluet, Matthew},
  booktitle={International Conference on Typed Lambda Calculi and Applications},
  pages={293--307},
  year={2005},
  organization={Springer}
}

@misc{space_monads,
    title={Code Mesh London 2016, Keynote: SpaceMonads},
    author={Conor McBride},
    howpublished={\url{https://www.youtube.com/watch?v=QojLQY5H0RI}},
    note={Accessed: 08/05/2018}
}

@article{bierhoff,
  title={Fraction Polymorphic Permission Inference},
  author={Bierhoff, Kevin and Beckman, Nels E and Aldrich, Jonathan}
}

@inproceedings{bronstein,
  title={Consistent discretization and minimization of the l1 norm on manifolds},
  author={Bronstein, Alex and Choukroun, Yoni and Kimmel, Ron and Sela, Matan},
  booktitle={3D Vision (3DV), 2016 Fourth International Conference on},
  pages={435--440},
  year={2016},
  organization={IEEE}
}

@article{kalman,
  title={A new approach to linear filtering and prediction problems},
  author={Kalman, Rudolph Emil},
  journal={Journal of basic Engineering},
  volume={82},
  number={1},
  pages={35--45},
  year={1960},
  publisher={American Society of Mechanical Engineers}
}

@inproceedings{bornat,
  title={Permission accounting in separation logic},
  author={Bornat, Richard and Calcagno, Cristiano and O'Hearn, Peter and Parkinson, Matthew},
  booktitle={ACM SIGPLAN Notices},
  volume={40},
  number={1},
  pages={259--270},
  year={2005},
  organization={ACM}
}
